{
  "leader": "04932cam a2200721Ia 4500",
  "fields": [
    {
      "001": "ocm57515372\\"
    },
    {
      "003": "OCoLC"
    },
    {
      "005": "20220708143219.0"
    },
    {
      "008": "040428s2004\\\\\\\\enka\\\\\\\\\\b\\\\\\\\001\\0\\eng\\\\"
    },
    {
      "010": {
        "ind1": "\\",
        "ind2": "\\",
        "subfields": [
          {
            "a": "  2004049123"
          }
        ]
      }
    },
    {
      "040": {
        "ind1": "\\",
        "ind2": "\\",
        "subfields": [
          {
            "a": "DLC"
          },
          {
            "b": "eng"
          },
          {
            "c": "DLC"
          },
          {
            "d": "NLM"
          },
          {
            "d": "UKM"
          },
          {
            "d": "BAKER"
          },
          {
            "d": "NLGGC"
          },
          {
            "d": "YLS"
          },
          {
            "d": "BTCTA"
          },
          {
            "d": "YDXCP"
          },
          {
            "d": "NOR"
          },
          {
            "d": "OCLCQ"
          },
          {
            "d": "IG#"
          },
          {
            "d": "PSM"
          },
          {
            "d": "OCLCF"
          },
          {
            "d": "P4I"
          },
          {
            "d": "OCLCO"
          },
          {
            "d": "OCLCQ"
          },
          {
            "d": "OCL"
          },
          {
            "d": "DEBSZ"
          },
          {
            "d": "DHA"
          },
          {
            "d": "OCLCQ"
          },
          {
            "d": "TYC"
          },
          {
            "d": "UKMGB"
          },
          {
            "d": "UKUOY"
          },
          {
            "d": "CNMTR"
          },
          {
            "d": "SFB"
          },
          {
            "d": "OCLCO"
          },
          {
            "d": "OCLCA"
          },
          {
            "d": "OCL"
          },
          {
            "d": "OCLCA"
          },
          {
            "d": "OCLCQ"
          },
          {
            "d": "OCLCA"
          },
          {
            "d": "OCL"
          },
          {
            "d": "OCLCO"
          },
          {
            "d": "NLVRD"
          },
          {
            "d": "IL4J6"
          },
          {
            "d": "OCL"
          },
          {
            "d": "OCLCO"
          },
          {
            "d": "OCLCA"
          },
          {
            "d": "OCLCO"
          },
          {
            "d": "OCLCQ"
          }
        ]
      }
    },
    {
      "016": {
        "ind1": "7",
        "ind2": "\\",
        "subfields": [
          {
            "a": "101237356"
          },
          {
            "2": "DNLM"
          }
        ]
      }
    },
    {
      "016": {
        "ind1": "7",
        "ind2": "\\",
        "subfields": [
          {
            "a": "013002319"
          },
          {
            "2": "Uk"
          }
        ]
      }
    },
    {
      "019": {
        "ind1": "\\",
        "ind2": "\\",
        "subfields": [
          {
            "a": "56012607"
          },
          {
            "a": "56649068"
          },
          {
            "a": "58055231"
          },
          {
            "a": "1022684173"
          }
        ]
      }
    },
    {
      "020": {
        "ind1": "\\",
        "ind2": "\\",
        "subfields": [
          {
            "a": "140393911X"
          },
          {
            "q": "(hardcover)"
          }
        ]
      }
    },
    {
      "020": {
        "ind1": "\\",
        "ind2": "\\",
        "subfields": [
          {
            "a": "9781403939111"
          },
          {
            "q": "(hardcover)"
          }
        ]
      }
    },
    {
      "024": {
        "ind1": "3",
        "ind2": "\\",
        "subfields": [
          {
            "a": "9781403939111"
          }
        ]
      }
    },
    {
      "035": {
        "ind1": "\\",
        "ind2": "\\",
        "subfields": [
          {
            "a": "(OCoLC)57515372"
          },
          {
            "z": "(OCoLC)56012607"
          },
          {
            "z": "(OCoLC)56649068"
          },
          {
            "z": "(OCoLC)58055231"
          },
          {
            "z": "(OCoLC)1022684173"
          }
        ]
      }
    },
    {
      "042": {
        "ind1": "\\",
        "ind2": "\\",
        "subfields": [
          {
            "a": "pcc"
          }
        ]
      }
    },
    {
      "043": {
        "ind1": "\\",
        "ind2": "\\",
        "subfields": [
          {
            "a": "e------"
          },
          {
            "a": "e-gx---"
          }
        ]
      }
    },
    {
      "050": {
        "ind1": "0",
        "ind2": "0",
        "subfields": [
          {
            "a": "KZ1179.M43"
          },
          {
            "b": "W45 2004"
          }
        ]
      }
    },
    {
      "055": {
        "ind1": "\\",
        "ind2": "3",
        "subfields": [
          {
            "a": "KZ1179.M43"
          },
          {
            "b": "W45 2004"
          }
        ]
      }
    },
    {
      "060": {
        "ind1": "0",
        "ind2": "0",
        "subfields": [
          {
            "a": "W 20.55.H9"
          },
          {
            "b": "W423n 2004"
          }
        ]
      }
    },
    {
      "082": {
        "ind1": "0",
        "ind2": "0",
        "subfields": [
          {
            "a": "364.138"
          },
          {
            "b": "WEI"
          }
        ]
      }
    },
    {
      "100": {
        "ind1": "1",
        "ind2": "\\",
        "subfields": [
          {
            "a": "Weindling, Paul."
          }
        ]
      }
    },
    {
      "245": {
        "ind1": "1",
        "ind2": "0",
        "subfields": [
          {
            "a": "Nazi medicine and the Nuremberg Trials :"
          },
          {
            "b": "from medical war crimes to informed consent /"
          },
          {
            "c": "by Paul Julian Weindling."
          }
        ]
      }
    },
    {
      "260": {
        "ind1": "\\",
        "ind2": "\\",
        "subfields": [
          {
            "a": "Houndmills, Basingstoke, Hampshire ;"
          },
          {
            "a": "New York :"
          },
          {
            "b": "Palgrave Macmillan,"
          },
          {
            "c": "2004."
          }
        ]
      }
    },
    {
      "300": {
        "ind1": "\\",
        "ind2": "\\",
        "subfields": [
          {
            "a": "xii, 482 pages :"
          },
          {
            "b": "illustrations ;"
          },
          {
            "c": "23 cm"
          }
        ]
      }
    },
    {
      "336": {
        "ind1": "\\",
        "ind2": "\\",
        "subfields": [
          {
            "a": "text"
          },
          {
            "b": "txt"
          },
          {
            "2": "rdacontent"
          }
        ]
      }
    },
    {
      "337": {
        "ind1": "\\",
        "ind2": "\\",
        "subfields": [
          {
            "a": "unmediated"
          },
          {
            "b": "n"
          },
          {
            "2": "rdamedia"
          }
        ]
      }
    },
    {
      "338": {
        "ind1": "\\",
        "ind2": "\\",
        "subfields": [
          {
            "a": "volume"
          },
          {
            "b": "nc"
          },
          {
            "2": "rdacarrier"
          }
        ]
      }
    },
    {
      "504": {
        "ind1": "\\",
        "ind2": "\\",
        "subfields": [
          {
            "a": "Includes bibliographical references (pages 359-460) and index."
          }
        ]
      }
    },
    {
      "505": {
        "ind1": "0",
        "ind2": "0",
        "subfields": [
          {
            "t": "Figures --"
          },
          {
            "t": "Acknowledgements --"
          },
          {
            "t": "Abbreviations and acronyms --"
          },
          {
            "t": "Introduction --"
          },
          {
            "g": "pt. 1."
          },
          {
            "t": "Exhuming Nazi medicine --"
          },
          {
            "g": "1."
          },
          {
            "t": "The rabbits protest --"
          },
          {
            "g": "2."
          },
          {
            "t": "Allied experiments --"
          },
          {
            "g": "3."
          },
          {
            "t": "Criminal research --"
          },
          {
            "g": "4."
          },
          {
            "t": "Exploitation --"
          },
          {
            "g": "5."
          },
          {
            "t": "Aviation atrocities --"
          },
          {
            "g": "pt. 2."
          },
          {
            "t": "Medicine on trial --"
          },
          {
            "g": "6."
          },
          {
            "t": "From the International Tribunal to zonal trials --"
          },
          {
            "g": "7."
          },
          {
            "t": "Pseudo-science and psychopaths --"
          },
          {
            "g": "8."
          },
          {
            "t": "The Nuremberg vortex --"
          },
          {
            "g": "9."
          },
          {
            "t": "Internationalism and interrogations --"
          },
          {
            "g": "10."
          },
          {
            "t": "Science in Behemoth : the human experiments --"
          },
          {
            "g": "11."
          },
          {
            "t": "The medical delegation --"
          },
          {
            "g": "12."
          },
          {
            "t": "A eugenics trial? --"
          },
          {
            "g": "13."
          },
          {
            "t": "Euthanasia --"
          },
          {
            "g": "14."
          },
          {
            "t": "Experiments and ethics --"
          },
          {
            "g": "15."
          },
          {
            "t": "Formulating the code --"
          },
          {
            "g": "pt. 3."
          },
          {
            "t": "Aftermath --"
          },
          {
            "g": "16."
          },
          {
            "t": "Cold War medicine --"
          },
          {
            "g": "17."
          },
          {
            "t": "A fragile legacy --"
          },
          {
            "t": "Tables --"
          },
          {
            "t": "Archives, interviews, bibliography --"
          },
          {
            "t": "Notes --"
          },
          {
            "t": "Index."
          }
        ]
      }
    },
    {
      "520": {
        "ind1": "1",
        "ind2": "\\",
        "subfields": [
          {
            "a": "\"This book offers a new and definitive reappraisal of Allied responses to Nazi human experiments and the origins of informed consent. It tells the story of Nazi and Allied human experiments, and how war crimes investigators were diverted from the mission to uncover weapons of mass destruction to respond instead to the wartime German experiments. From outlining policies on war crimes and trials in relation to Nazi medical atrocities, the book goes on to analyse the Medical Trial, considering the prosecution, defence, judges and observers to present a rounded picture of the court and its context. With the central premiss that the trial was in fact a 'genocide trial', the author explores the far-reaching effects of its aftermath in terms of Cold War politics, compensation and research ethics.\"--Jacket."
          }
        ]
      }
    },
    {
      "650": {
        "ind1": "\\",
        "ind2": "0",
        "subfields": [
          {
            "a": "Nuremberg Medical Trial, Nuremberg, Germany, 1946-1947."
          }
        ]
      }
    },
    {
      "650": {
        "ind1": "\\",
        "ind2": "0",
        "subfields": [
          {
            "a": "Human experimentation in medicine"
          },
          {
            "x": "Law and legislation"
          },
          {
            "z": "Germany"
          },
          {
            "x": "History"
          },
          {
            "y": "20th century."
          }
        ]
      }
    },
    {
      "650": {
        "ind1": "\\",
        "ind2": "0",
        "subfields": [
          {
            "a": "World War, 1939-1945"
          },
          {
            "x": "Atrocities."
          }
        ]
      }
    },
    {
      "630": {
        "ind1": "0",
        "ind2": "2",
        "subfields": [
          {
            "a": "Nuremberg Code."
          }
        ]
      }
    },
    {
      "630": {
        "ind1": "0",
        "ind2": "2",
        "subfields": [
          {
            "a": "Nuremberg Trials."
          }
        ]
      }
    },
    {
      "650": {
        "ind1": "1",
        "ind2": "2",
        "subfields": [
          {
            "a": "Nontherapeutic Human Experimentation"
          },
          {
            "x": "legislation & jurisprudence"
          }
        ]
      }
    },
    {
      "650": {
        "ind1": "1",
        "ind2": "2",
        "subfields": [
          {
            "a": "Nontherapeutic Human Experimentation"
          },
          {
            "x": "history"
          }
        ]
      }
    },
    {
      "650": {
        "ind1": "2",
        "ind2": "2",
        "subfields": [
          {
            "a": "War Crimes"
          },
          {
            "x": "legislation & jurisprudence"
          }
        ]
      }
    },
    {
      "650": {
        "ind1": "2",
        "ind2": "2",
        "subfields": [
          {
            "a": "Ethics, Medical"
          },
          {
            "x": "history"
          }
        ]
      }
    },
    {
      "650": {
        "ind1": "2",
        "ind2": "2",
        "subfields": [
          {
            "a": "Informed Consent"
          },
          {
            "x": "history"
          }
        ]
      }
    },
    {
      "650": {
        "ind1": "2",
        "ind2": "2",
        "subfields": [
          {
            "a": "Eugenics"
          },
          {
            "x": "history"
          }
        ]
      }
    },
    {
      "650": {
        "ind1": "2",
        "ind2": "2",
        "subfields": [
          {
            "a": "History, 20th Century"
          }
        ]
      }
    },
    {
      "651": {
        "ind1": "\\",
        "ind2": "2",
        "subfields": [
          {
            "a": "Germany"
          }
        ]
      }
    },
    {
      "650": {
        "ind1": "\\",
        "ind2": "7",
        "subfields": [
          {
            "a": "Atrocities."
          },
          {
            "2": "fast"
          },
          {
            "0": "(OCoLC)fst00820727"
          }
        ]
      }
    },
    {
      "650": {
        "ind1": "\\",
        "ind2": "7",
        "subfields": [
          {
            "a": "Human experimentation in medicine"
          },
          {
            "x": "Law and legislation."
          },
          {
            "2": "fast"
          },
          {
            "0": "(OCoLC)fst00963048"
          }
        ]
      }
    },
    {
      "651": {
        "ind1": "\\",
        "ind2": "7",
        "subfields": [
          {
            "a": "Germany."
          },
          {
            "2": "fast"
          },
          {
            "0": "(OCoLC)fst01210272"
          }
        ]
      }
    },
    {
      "651": {
        "ind1": "\\",
        "ind2": "7",
        "subfields": [
          {
            "a": "Germany"
          },
          {
            "z": "Nuremberg."
          },
          {
            "2": "fast"
          },
          {
            "0": "(OCoLC)fst01207726"
          }
        ]
      }
    },
    {
      "647": {
        "ind1": "\\",
        "ind2": "7",
        "subfields": [
          {
            "a": "Nuremberg Medical Trial"
          },
          {
            "c": "(Nuremberg, Germany :"
          },
          {
            "d": "1946-1947)"
          },
          {
            "2": "fast"
          },
          {
            "0": "(OCoLC)fst01709732"
          }
        ]
      }
    },
    {
      "647": {
        "ind1": "\\",
        "ind2": "7",
        "subfields": [
          {
            "a": "World War"
          },
          {
            "d": "(1939-1945)"
          },
          {
            "2": "fast"
          },
          {
            "0": "(OCoLC)fst01180924"
          }
        ]
      }
    },
    {
      "648": {
        "ind1": "\\",
        "ind2": "7",
        "subfields": [
          {
            "a": "1900-1999"
          },
          {
            "2": "fast"
          }
        ]
      }
    },
    {
      "655": {
        "ind1": "\\",
        "ind2": "7",
        "subfields": [
          {
            "a": "History."
          },
          {
            "2": "fast"
          },
          {
            "0": "(OCoLC)fst01411628"
          }
        ]
      }
    },
    {
      "856": {
        "ind1": "4",
        "ind2": "1",
        "subfields": [
          {
            "3": "Table of contents"
          },
          {
            "u": "http://catdir.loc.gov/catdir/enhancements/fy0618/2004049123-t.html"
          }
        ]
      }
    },
    {
      "856": {
        "ind1": "4",
        "ind2": "2",
        "subfields": [
          {
            "3": "Contributor biographical information"
          },
          {
            "u": "http://catdir.loc.gov/catdir/enhancements/fy0618/2004049123-b.html"
          }
        ]
      }
    },
    {
      "856": {
        "ind1": "4",
        "ind2": "2",
        "subfields": [
          {
            "3": "Publisher description"
          },
          {
            "u": "http://catdir.loc.gov/catdir/enhancements/fy0618/2004049123-d.html"
          }
        ]
      }
    },
    {
      "856": {
        "ind1": "4",
        "ind2": "\\",
        "subfields": [
          {
            "3": "Inhaltsverzeichnis"
          },
          {
            "u": "http://www.gbv.de/dms/spk/sbb/recht/toc/391260294.pdf"
          },
          {
            "z": "Kostenfrei"
          }
        ]
      }
    },
    {
      "856": {
        "ind1": "4",
        "ind2": "\\",
        "subfields": [
          {
            "3": "Cover"
          },
          {
            "u": "http://swbplus.bsz-bw.de/bsz11327842xcov.htm"
          },
          {
            "v": "20160205124901"
          }
        ]
      }
    },
    {
      "994": {
        "ind1": "\\",
        "ind2": "\\",
        "subfields": [
          {
            "a": "Z0"
          },
          {
            "b": "NYRVC"
          }
        ]
      }
    },
    {
      "948": {
        "ind1": "\\",
        "ind2": "\\",
        "subfields": [
          {
            "h": "NO HOLDINGS IN NYRVC - 358 OTHER HOLDINGS"
          }
        ]
      }
    },
    {
      "999": {
        "ind1": "\\",
        "ind2": "\\",
        "subfields": [
          {
            "a": "00000000013344"
          }
        ]
      }
    }
  ]
}